@book{Serre:1993,
  added-at = {2011-07-20T15:28:42.000+0200},
  author = {Serre, Jean-Pierre},
  biburl = {https://www.bibsonomy.org/bibtex/2b6175b7ae057e7b7187d5f067328645b/algebradresden},
  groups = {public},
  interhash = {3d050f2d79bcfb0669092d89237c2c9b},
  intrahash = {9540528e82d908b587109b3b7a0aa47e},
  keywords = {ganter handbib slub klassische-algebra regal16},
  publisher = {Springer},
  timestamp = {2013-04-26T12:52:18.000+0200},
  title = {A course in arithmetic},
  username = {algebradresden},
  year = 1993
}

@book{Kilford:2008,
  title={Modular Forms: A Classical and Computational Introduction},
  author={Kilford, L.J.P.},
  isbn={9781848162136},
  lccn={2008301117},
  url={https://books.google.fr/books?id=yuRpDQAAQBAJ},
  year={2008},
  publisher={Imperial College Press}
}

@article{10.2307/24532196,
 ISSN = {09093524, 24460753},
 URL = {http://www.jstor.org/stable/24532196},
 author = {I. L. W. V. Jensen and J. L. W. V. Jensen},
 journal = {Nyt tidsskrift for matematik},
 pages = {6--13},
 publisher = {Mathematica Scandinavica},
 title = {Forskellige Bidrag til Ligningernes Theori},
 urldate = {2023-01-23},
 volume = {26},
 year = {1915}
}

@book{Ranestad:2008,
  title={The 1-2-3 of Modular Forms: Lectures at a Summer School in Nordfjordeid, Norway},
  author={Ranestad, K. and Bruinier, J.H. and van der Geer, G. and Harder, G. and Zagier, D.},
  isbn={9783540741190},
  lccn={2007939406},
  series={Universitext},
  url={https://books.google.fr/books?id=tsTfnHLmgmQC},
  year={2008},
  publisher={Springer Berlin Heidelberg}
}

@misc{Charlois,
  author        = {Pierre Charlois},
  title         = {Introduction aux formes modulares},
  month         = {December},
  year          = {2022},
  publisher={Faculté de Sciences de Sorbonne Université }
}

@book{ramanujan:2012,
  title={Ramanujan's Lost Notebook: Part III},
  author={Andrews, G.E. and Berndt, B.C.},
  number={ptie.~3},
  isbn={9781461438106},
  lccn={2005923547},
  url={https://books.google.fr/books?id=YPWrm2VWDYIC},
  year={2012},
  publisher={Springer New York}
}
